<?xml version="1.0" encoding="UTF-8"?><collection xmlns="http://www.loc.gov/MARC21/slim"><record><leader>00384nam--2200133-i-4500</leader><controlfield tag="001">000019415</controlfield><controlfield tag="002">20161230</controlfield><controlfield tag="005">20161230201033</controlfield><controlfield tag="008">060222s1000------------r-----000-0-eng-d</controlfield><datafield ind1=" " ind2=" " tag="245"><subfield code="a">Semiconductors.preparation, crystal growth and selected properties</subfield></datafield><datafield ind1=" " ind2=" " tag="260"><subfield code="a">New York, Ifi/Plenum, 1970-</subfield></datafield><datafield ind1=" " ind2=" " tag="490"><subfield code="a">Solid State Physics Literature Guides</subfield></datafield><datafield ind1=" " ind2=" " tag="700"><subfield code="a">Connolly, T. F</subfield></datafield><datafield ind1=" " ind2=" " tag="852"><subfield code="a">D.1298</subfield></datafield></record></collection>